@BOOK{programmer_xiuyang,
  title = {程序员的自我修养},
  publisher = {电子工业出版社},
  year = {2009},
  author = {俞甲子 and 石凡 and 潘爱民},
}
